@MISC{Nolfi94,
    author = {Stefano Nolfi and Stefano Nolfi and Dario Floreano and Dario Floreano and Orazio Miglino and Orazio Miglino and Francesco Mondada and Francesco Mondada},
    title = {How To Evolve Autonomous Robots: Different Approaches In Evolutionary Robotics},
    year = {1994}
}

@INPROCEEDINGS{Ostergaard01,
    author = {Esben H. O/stergaard and Gaurav S. Sukhatme},
    title = {Emergent bucket brigading - a simple mechanism for improving performance in multi-robot constrainedspace foraging tasks},
    booktitle = {In Proceedings of the Fifth International Conference on Autonomous Agents},
    year = {2001},
    pages = {29--30},
    publisher = {ACM Press}
}

@article{Jones03,
 author = {Jones, C. and MatariÄ‡, M.},
 title = {Adaptive division of labor in large-scale minimalist multi-robot systems},
 journal = {IEEE/RSJ International Conference on Intelligent Robots and Systems},
 issue_date = {September 2006},
 volume = {2},
 year = {2003},
 issn = {1969--1974},
 publisher = {IEEE Press},
} 

@inproceedings{Rajagopalan11,
title={The Role of Reward Structure, Coordination Mechanism and Net Return in the Evolution of Cooperation},
author={Padmini Rajagopalan and Aditya Rawal and Risto Miikkulainen and Marc A. Wiseman and Kay E. Holekamp},
booktitle={Proceedings of the IEEE Conference on Computational Intelligence and Games (CIG 2011)},
address={Seoul, South Korea},
url="http://nn.cs.utexas.edu/?rajagopalan:cig11",
year={2011}}

@article{Yong09,
 author = {Yong, C. H. and Miikkulainen, R.},
 title = {Coevolution of Role-Based Cooperation in Multiagent Systems},
 journal = {IEEE Trans. on Auton. Ment. Dev.},
 issue_date = {October 2009},
 volume = {1},
 number = {3},
 month = oct,
 year = {2009},
 issn = {1943-0604},
 pages = {170--186},
 numpages = {17},
 url = {http://dx.doi.org/10.1109/TAMD.2009.2037732},
 doi = {10.1109/TAMD.2009.2037732},
 acmid = {2208775},
 publisher = {IEEE Press},
 address = {Piscataway, NJ, USA},
 keywords = {Coevolution, communication, cooperation, heterogeneous teams, multiagent systems, neuroevolution, prey-capture task, stigmergy},
} 


@article{Panait05,
year={2005},
issn={1387-2532},
journal={Autonomous Agents and Multi-Agent Systems},
volume={11},
number={3},
doi={10.1007/s10458-005-2631-2},
title={Cooperative Multi-Agent Learning: The State of the Art},
url={http://dx.doi.org/10.1007/s10458-005-2631-2},
publisher={Kluwer Academic Publishers},
keywords={multi-agent systems; machine learning; multi-agent learning; cooperation; survey},
author={Panait, Liviu and Luke, Sean},
pages={387-434},
language={English}
}

@article{Wagner00,
 author = {Wagner, Kyle},
 title = {Cooperative Strategies and the Evolution of Communication},
 journal = {Artif. Life},
 issue_date = {Spring 2000},
 volume = {6},
 number = {2},
 month = apr,
 year = {2000},
 issn = {1064-5462},
 pages = {149--179},
 numpages = {31},
 url = {http://dx.doi.org/10.1162/106454600568384},
 doi = {10.1162/106454600568384},
 acmid = {352922},
 publisher = {MIT Press},
 address = {Cambridge, MA, USA},
 keywords = {collaboration, cooperation, ecological modeling, evolution of communication, food calls, genetic algorithm, optimal foraging},
} 

@techreport{Koza90,
 author = {Koza, John R.},
 title = {Genetic Programming: A Paradigm for Genetically Breeding Populations of Computer Programs to Solve Problems},
 year = {1990},
 source = {http://www.ncstrl.org:8900/ncstrl/servlet/search?formname=detail\&id=oai%3Ancstrlh%3Astan%3ASTAN%2F%2FCS-TR-90-1314},
 publisher = {Stanford University},
 address = {Stanford, CA, USA},
} 

@misc{UCTIP,
author = {University of Cape Town},
title = {UNIVERSITY OF CAPE TOWN INTELLECTUAL PROPERTY POLICY},
month = jul,
year = {2011},
url = {http://www.uct.ac.za/downloads/uct.ac.za/about/policies/intellect_property.pdf}
}

@INPROCEEDINGS{Bryant03,
    author = {Bobby D. Bryant and Risto Miikkulainen},
    title = {Neuroevolution for adaptive teams},
    booktitle = {In Proceeedings of the 2003 Congress on Evolutionary Computation (CEC 2003},
    year = {2003},
    publisher = {Piscataway}
}

@article{Waibel09,
 author = {Waibel, Markus and Keller, Laurent and Floreano, Dario},
 title = {Genetic Team Composition and Level of Selection in the Evolution of Cooperation},
 journal = {Trans. Evol. Comp},
 issue_date = {June 2009},
 volume = {13},
 number = {3},
 month = jun,
 year = {2009},
 issn = {1089-778X},
 pages = {648--660},
 numpages = {13},
 url = {http://dx.doi.org/10.1109/TEVC.2008.2011741},
 doi = {10.1109/TEVC.2008.2011741},
 acmid = {1650384},
 publisher = {IEEE Press},
 address = {Piscataway, NJ, USA},
 keywords = {Altruism, altruism, artificial evolution, cooperation, evolutionary robotics, fitness allocation, multiagent systems (MAS), team composition},
} 

@article{Sims94,
 author = {Sims, Karl},
 title = {Evolving 3D Morphology and Behavior by Competition},
 journal = {Artif. Life},
 issue_date = {Summer 1994},
 volume = {1},
 number = {4},
 month = jan,
 year = {1994},
 issn = {1064-5462},
 pages = {353--372},
 numpages = {20},
 url = {http://dx.doi.org/10.1162/artl.1994.1.353},
 doi = {10.1162/artl.1994.1.353},
 acmid = {1667946},
 publisher = {MIT Press},
 address = {Cambridge, MA, USA},
 keywords = {artificial evolution, artificial life, coevolution, dynamic simulation, evolutionary programming, virtual creatures},
}

@INPROCEEDINGS{Balakrishnan96,
    author = {Karthik Balakrishnan and Vasant Honavar},
    title = {On Sensor Evolution in Robotics},
    booktitle = {Genetic Programming 1996: Proceedings of the First Annual Conference},
    year = {1996},
    pages = {455--460},
    publisher = {MIT Press}
}

@TECHREPORT{Werger99,
    author = {Barry Brian Werger and Maja J Matari'c},
    title = {Exploiting Embodiment in Multi-Robot Teams},
    institution = {},
    year = {1999}
}

@INPROCEEDINGS{Lee:1996, 
author={Wei-Po Lee and Hallam, J. and Lund, H.H.}, 
booktitle={Evolutionary Computation, 1996., Proceedings of IEEE International Conference on}, 
title={A hybrid GP/GA approach for co-evolving controllers and robot bodies to achieve fitness-specified tasks}, 
year={1996}, 
month={May}, 
pages={384-389}, 
keywords={control system CAD;genetic algorithms;intelligent control;mathematical programming;mobile robots;path planning;programmable controllers;simulation;software agents;automated robot design;behavior-specified tasks;co-evolving controllers;evolutionary approaches;fitness-specified tasks;hybrid genetic programming/genetic algorithm approach;obstacle avoidance;performance assessment;robot bodies;simulated agent;simulated environment;Artificial intelligence;Automatic control;Genetic programming;Infrared sensors;Intelligent robots;Robot control;Robot sensing systems;Robotics and automation;Turning;Vehicles}, 
doi={10.1109/ICEC.1996.542394},}

@inproceedings{Buason:2003,
 author = {Buason, Gunnar and Ziemke, Tom},
 title = {Co-evolving Task-dependent Visual Morphologies in Predator-prey Experiments},
 booktitle = {Proceedings of the 2003 International Conference on Genetic and Evolutionary Computation: PartI},
 series = {GECCO'03},
 year = {2003},
 isbn = {3-540-40602-6},
 location = {Chicago, IL, USA},
 pages = {458--469},
 numpages = {12},
 url = {http://dl.acm.org/citation.cfm?id=1761233.1761302},
 acmid = {1761302},
 publisher = {Springer-Verlag},
 address = {Berlin, Heidelberg},
}

@article{Stanley02,
 author = {Stanley, Kenneth O. and Miikkulainen, Risto},
 title = {Evolving Neural Networks Through Augmenting Topologies},
 journal = {Evol. Comput.},
 issue_date = {Summer 2002},
 volume = {10},
 number = {2},
 month = jun,
 year = {2002},
 issn = {1063-6560},
 pages = {99--127},
 numpages = {29},
 url = {http://dx.doi.org/10.1162/106365602320169811},
 doi = {10.1162/106365602320169811},
 acmid = {638554},
 publisher = {MIT Press},
 address = {Cambridge, MA, USA},
 keywords = {competing conventions, genetic algorithms, network topologies, neural networks, neuroevolution, speciation},
}

@article{Buason:2005,
 author = {Buason, Gunnar and Bergfeldt, Nicklas and Ziemke, Tom},
 title = {Brains, Bodies, and Beyond: Competitive Co-Evolution of Robot Controllers, Morphologies and Environments},
 journal = {Genetic Programming and Evolvable Machines},
 issue_date = {March     2005},
 volume = {6},
 number = {1},
 month = mar,
 year = {2005},
 issn = {1389-2576},
 pages = {25--51},
 numpages = {27},
 url = {http://dx.doi.org/10.1007/s10710-005-7618-x},
 doi = {10.1007/s10710-005-7618-x},
 acmid = {1052010},
 publisher = {Kluwer Academic Publishers},
 address = {Hingham, MA, USA},
}

@inproceedings{Bongard:2009,
 author = {Bongard, Josh C.},
 title = {The Impact of Jointly Evolving Robot Morphology and Control on Adaptation Rate},
 booktitle = {Proceedings of the 11th Annual Conference on Genetic and Evolutionary Computation},
 series = {GECCO '09},
 year = {2009},
 isbn = {978-1-60558-325-9},
 location = {Montreal, Qu\&\#233;bec, Canada},
 pages = {1769--1770},
 numpages = {2},
 url = {http://doi.acm.org/10.1145/1569901.1570151},
 doi = {10.1145/1569901.1570151},
 acmid = {1570151},
 publisher = {ACM},
 address = {New York, NY, USA},
 keywords = {artificial intelligence, embodied cognition, evolutionary robotics},
}

@article{Bongard:2010,
 author = {Bongard, Josh},
 title = {The Utility of Evolving Simulated Robot Morphology Increases with Task Complexity for Object Manipulation},
 journal = {Artif. Life},
 volume = {16},
 number = {3},
 month = mar,
 year = {2010},
 issn = {1064-5462},
 pages = {201--223},
 numpages = {23},
 url = {http://dx.doi.org/10.1162/artl.2010.Bongard.024},
 doi = {10.1162/artl.2010.Bongard.024},
 acmid = {1865140},
 publisher = {MIT Press},
 address = {Cambridge, MA, USA},
 keywords = {Evolutionary robotics, embodied artificial intelligence, embodied cognition, multi-objective optimization, robot shaping},
}


